@Book{fordonsdynamik,
	Author = {A. Fors\'{e}n and S. Nordmark and E. Wennerstr\"{o}m},
	Title = {Fordonsdynamik},
	Year = {1997},
	Publisher = {Fordonsteknik, KTH},
	Edition = {1997}}

@Book{pacejka,
	Author = {Hans B. Pacejka},
	Title = {Tire and Vehicla Dynamics},
	Year = {2006},
	Publisher = {Society of Automotive Engineers, Inc.},
	Address = {400 Commonwealth Drive, Warrendale, PA 15096-0001},
	Edition = {2nd},
	Isbn = {0-7680-1702-5}}

@Book{fordonsdynamik99,
	Author = {A. Fors\'{e}n and S. Nordmark and E. Wennerstr\"{o}m},
	Title = {Fordonsdynamik},
	Year = {1999},
	Publisher = {Fordonsteknik, KTH},
	Edition = {1999}}

@Book{rajamani,
	Author = {R. Rajamani},
	Title = {Vehicle Dynamics and Control},
	Year = {2012},
	Publisher = {Springer Science+Business Media, LLC},
	Address = {233 Springer Street, New York, NY 10013, USA},
	Edition = {2nd},
	Isbn = {978-1-4614-1433-9}}

@article{wikidiff,
	Author = {E. Pierce},
	Title = {differential free, differential locked},
	Year = {2006/2009},
	Url = {http://en.wikipedia.org/wiki/User:Wapcaplet}}

@article{svendenius2013,
	Author = {F. Bruzelius, M. Hjort. J. Svendenius},
	Journal = {Journal of Automobile Engineering},
	Month = {November},
	Volume = {228},
	Pages = {1622-1629},
	Title = {Validation of a basic combined slip tire model for use in friction estimation applications},
	Url = {http://pid.sagepub.com/content/228/13/1622.full.pdf+html},
	Year = {2014}}

@article{gustafsson1997,
	Author = {F. Gustafsson},
	Journal = {Automatica},
	Pages = {1087-1099},
	Title = {Slip-based Tire-road Friction Estimation},
	Volume = {33},
	Number = {6},
	Url = {http://www.sciencedirect.com/science/article/pii/S0005109897000034},
	Year = {1997}}

@conference{sae2004,
	Author = {Y. Yasui and W. Tanaka and Y. Muragishi and E. Ono and M. Momiyama and H. Katoh and H. Aizawa and Y. Imoto},
	Month = {March},
	Title = {Estimation of Lateral Grip Margin Based on Self-aligning Torque for Vehicle Dynamics Enhancement},
	Year = {2004},
	Url = {http://papers.sae.org/2004-01-1070/}}

@unpublished{mason,
	Author	= {S. Mason},
	Title	= {Recommended empirical approximation from conversation with Stephen Mason, formerly of the University of Virginia Rotational Machinery and Controls Laboratory; currently with Johns Hopkins Applied Physics Laboratory},
	Year	= {2015},
	Month	= {May},
	Note	= {From E-mail conversation}}

@article{linearized,
	Author = {M. Choi, J. J. Oh, S. B. Choi},
	Journal = {IEEE Transactions on Vehicular Technology},
	Month = {September},
	Number = {7},
	Pages = {2906-2918},
	Title = {Linearized Recursive Least Squares Methods for Real-Time Identification of Tireâ€“Road Friction Coefficient},
	Volume = {62},
	Year = {2013},
	Url = {http://ieeexplore.ieee.org/xpl/articleDetails.jsp?arnumber=6508885}}

@article{novelcost,
	Author = {B. Li, H. Du, W. Li},
	Journal = {2013 IEEE/ASME International Conference on Advanced Intelligent Mechatronics (AIM)},
	Month = {July},
	Number = {9-12},
	Pages = {1528-1533},
	Title = {A Novel Cost Effective Method for Vehicle Tire-Road Friction
	Coefficient Estimation},
	Year = {2013},
	Url = {http://ieeexplore.ieee.org/xpl/login.jsp?tp=&arnumber=6584312&url=http%3A%2F%2Fieeexplore.ieee.org%2Fxpls%2Fabs_all.jsp%3Farnumber%3D6584312}}


\begin{comment}

@article{mall,
	Abstract = {},
	Author = {},
	Journal = {},
	Keywords = {},
	Month = {},
	Number = {},
	Numpages = {},
	Pages = {},
	Title = {},
	Volume = {},
	Url = {},
	Year = {}}

@Book{mall,
	Author = {},
	Title = {},
	Year = {},
	Publisher = {},
	Address = {},
	Edition = {},
	Month = {},
	Volume = {},
	Isbn = {}}

@ONLINE{mall,
	author = {},
	title = {},
	month = {},
	year = {},
	url = {}
}

\end{comment}